@STRING{ACMGIS12 = {Proceedings of the 20th International Conference on Advances in Geographic Information Systems (ACMGIS), Redondo Beach, CA }}
@STRING{SIGMOD08 = {Proceedings of the ACM International Conference on Management of Data (SIGMOD), Vancouver, BC}}
@STRING{SODA08 = {Proceedings of the 19TH Annual ACM-SIAM symposium on Discrete algorithms, San Francisco, CA}}
@STRING{STOC90 = {Proceedings of the 22nd Annual ACM Symposium on Theory of Computing (STOC), Baltimore, MD}}
@STRING{VLDB07 = {Proceedings of the 33rd International Conference on Very Large Data Bases (VLDB), Vienna, Austria}}

@article{Sleator85,
  author = {Daniel D. Sleator and Robert E. Tarjan},
  title = {Amortized Efficiency of List Update and Paging Rules},
  journal = {Communications of the ACM},
  vol = {28},
  issue = {2},
  year = {1985},
  pages = {202-208}
}

@book{Papadimitriou82,
  title = {Combinatorial Optimization},
  publisher = {Prentice-Hall},
  year = {1982},
  author = {Christos H. Papadimitriou and Kenneth Steigliz}
}

@article{Laporte85,
  author = {Gilbert Laporte and Yves Nobert and Martin Desrochers},
  title = {Optimal Routing under Capacity and Distance Restrictions},
  journal = {Operations Research},
  vol = {33},
  issue = {5},
  year = {1985},
  pages = {1050-1073}
}

@incollection{Karp72,
  author = {Richard M. Karp},
  title = {Reducability among Combinatorial Problems},
  editor = {Raymond E. Millera and James W. Thatcher and Jean D. Bohlinger},
  booktitle = {Complexity of Computer Computations},
  publisher = {Plenum Press},
  address = {New York},
  year = {1972}
}

@inproceedings{Karp90,
  author = {Richard M. Karp and Umesh V. Vazirani and Vijay V. Vazirani},
  title = {An Optimal Algorithm for On-line Bipartite Matching},
  booktitle = STOC90,
  year = {1990},
  pages = {352-258}
}

@article{Khuller94,
  author = {Samir Khuller and Stephen G. Mitchell and Vijay V. Vazirani},
  title = {On-line algorithms for weighted bipartite matching and stable marriages},
  journal = {Theoretical Computer Science},
  vol = {127},
  issue = {2},
  year = {1994},
  pages = {255-267}
}

@inproceedings{Goel08,
  author = {Gagan Goel and Aranyak Mehta},
  title = {Online Budget Matching in Random Input Models with Applications to Adwords},
  booktitle = SODA08,
  year = {2008},
  pages = {982-991}
}

@article{Kalyanasundaram00,
  author = {Bala Kalyanadundaram and Kirk R. Pruhs},
  title = {An Optimal Deteministic Algorithm for Online b-Matching},
  journal = {Theoretical Computer Science},
  vol = {233},
  issue = {1-2},
  year = {2000},
  pages = {319-325}
}

@article{Kalyanasundaram95,
  author = {Bala Kalyanadundaram and Kirk R. Pruhs},
  title = {The Online Transportation Problem},
  journal = {Lecture Notes in Computer Science},
  vol = {979},
  year = {1995},
  pages = {484-493}
}

@article{kalyanasundaram93,
  author = {Bala Kalyanadundaram and Kirk R. Pruhs},
  title = {Online Weighted Matching},
  journal = {Journal of Algorithms},
  vol = {14},
  issue = {3},
  year = {1993},
  pages = {478-488}
}

@article{Kao91,
  author = {Ming-Yang Kao and Stephen R. Tate},
  title = {Online matching with blocked input},
  journal = {Information Processing Letters},
  vol = {38},
  issue = {3},
  year = {1991},
  pages = {113-116}
}

@inproceedings{Wong07,
  author = {Raymond Chi-Wing Wong and Yufei Tao and Ada Wai-Chee Fu and Xiaokui Xiao},
  title = {On Efficient Spatial Matching},
  booktitle = VLDB07,
  year = {2007},
  pages = {579-590}
}

@inproceedings{U08,
  author = {Leong Hou U and Man Lung Yiu and Kyriakos Mouratidis and Nikos Mamoulis},
  title = {Capacity Constrained Assignment in Spatial Databases},
  booktitle = SIGMOD08,
  year = {2008},
  pages = {15-28}
}

@inproceedings{Wong09,
  author = {Raymond Chi-Wing Wong and M. Tamer Ozsu and Philip S. Yu and Ada Wai-Chee Fu and Lian Liu},
  title = {Efficient Method for Maximizing Bichromatic Reverse Nearest Neighbor},
  booktitle = {VLDB},
  year = {2009}
}

@inproceedings{Kazemi12,
 author = {Kazemi, Leyla and Shahabi, Cyrus},
 title = {GeoCrowd: Enabling Query Answering with Spatial Crowdsourcing},
 booktitle = {Proceedings of the 20th International Conference on Advances in Geographic Information Systems},
 series = {SIGSPATIAL '12},
 year = {2012},
 isbn = {978-1-4503-1691-0},
 location = {Redondo Beach, California},
 pages = {189--198},
 numpages = {10},
 url = {http://doi.acm.org/10.1145/2424321.2424346},
 doi = {10.1145/2424321.2424346},
 acmid = {2424346},
 publisher = {ACM},
 address = {New York, NY, USA},
 keywords = {crowdsourced query, spatial crowdsourcing, spatial task assignment},
} 

@inproceedings{Deng13,
 author = {Deng, Dingxiong and Shahabi, Cyrus and Demiryurek, Ugur},
 title = {Maximizing the Number of Worker's Self-selected Tasks in Spatial Crowdsourcing},
 booktitle = {Proceedings of the 21st ACM SIGSPATIAL International Conference on Advances in Geographic Information Systems},
 series = {SIGSPATIAL'13},
 year = {2013},
 isbn = {978-1-4503-2521-9},
 location = {Orlando, Florida},
 pages = {324--333},
 numpages = {10},
 url = {http://doi.acm.org/10.1145/2525314.2525370},
 doi = {10.1145/2525314.2525370},
 acmid = {2525370},
 publisher = {ACM},
 address = {New York, NY, USA},
 keywords = {crowdsourcing, spatial crowdsourcing, spatial task assignment},
} 

@article{Ostergard01,
 author = {\"{O}sterg{\aa}rd, Patric R. J.},
 title = {A New Algorithm for the Maximum-weight Clique Problem},
 journal = {Nordic J. of Computing},
 issue_date = {December 2001},
 volume = {8},
 number = {4},
 month = dec,
 year = {2001},
 issn = {1236-6064},
 pages = {424--436},
 numpages = {13},
 url = {http://dl.acm.org/citation.cfm?id=766502.766504},
 acmid = {766504},
 publisher = {Publishing Association Nordic Journal of Computing},
 address = {Finland},
 keywords = {branch-and-bound algorithm, clique, graph algorithm},
}

@article{Kovalyov07,
title = "Fixed interval scheduling: Models, applications, computational complexity and algorithms ",
journal = "European Journal of Operational Research ",
volume = "178",
number = "2",
pages = "331 - 342",
year = "2007",
note = "",
issn = "0377-2217",
doi = "http://dx.doi.org/10.1016/j.ejor.2006.01.049",
url = "http://www.sciencedirect.com/science/article/pii/S0377221706003559",
author = "Mikhail Y. Kovalyov and C.T. Ng and T.C. Edwin Cheng",
keywords = "Interval scheduling",
keywords = "Interval graph",
keywords = "k-coloring",
keywords = "k-track assignment",
keywords = "Discrete starting times",
keywords = "Maximum weight clique",
keywords = "Maximum weight independent set "
}

@inproceedings{Kazemi13,
 author = {Kazemi, Leyla and Shahabi, Cyrus and Chen, Lei},
 title = {GeoTruCrowd: Trustworthy Query Answering with Spatial Crowdsourcing},
 booktitle = {Proceedings of the 21st ACM SIGSPATIAL International Conference on Advances in Geographic Information Systems},
 series = {SIGSPATIAL'13},
 year = {2013},
 isbn = {978-1-4503-2521-9},
 location = {Orlando, Florida},
 pages = {314--323},
 numpages = {10},
 url = {http://doi.acm.org/10.1145/2525314.2525346},
 doi = {10.1145/2525314.2525346},
 acmid = {2525346},
 publisher = {ACM},
 address = {New York, NY, USA},
 keywords = {spatial crowdsourcing, trustworthy query answering},
} 