@STRING{ACMGIS12 = {Proceedings of the 20th International Conference on Advances in Geographic Information Systems (ACMGIS), Redondo Beach, CA }}
@STRING{SIGMOD08 = {Proceedings of the ACM International Conference on Management of Data (SIGMOD), Vancouver, BC}}
@STRING{SODA08 = {Proceedings of the 19TH Annual ACM-SIAM symposium on Discrete algorithms, San Francisco, CA}}
@STRING{STOC90 = {Proceedings of the 22nd Annual ACM Symposium on Theory of Computing (STOC), Baltimore, MD}}
@STRING{VLDB07 = {Proceedings of the 33rd International Conference on Very Large Data Bases (VLDB), Vienna, Austria}}

@inproceedings{Akdogan14,
 author = {Akdogan, Afsin and Shahabi, Cyrus and Demiryurek, Ugur},
 title = {ToSS-it: A Cloud-Based Throwaway Spatial Index Structure for Dynamic Location Data},
 booktitle = {Proceedings of the 2014 IEEE 15th International Conference on Mobile Data Management - Volume 01},
 series = {MDM '14},
 year = {2014},
 pages = {249--258},
 numpages = {10},
 address = {Washington, DC, USA},
}

@INPROCEEDINGS{Alfarrarjeh15, 
author={Alfarrarjeh, A. and Emrich, T. and Shahabi, C.}, 
booktitle={Mobile Data Management (MDM), 2015 16th IEEE International Conference on}, 
title={Scalable Spatial Crowdsourcing: A Study of Distributed Algorithms}, 
year={2015}, 
volume={1}, 
pages={134-144}
}

@article {Avis83,
author = {Avis, David},
title = {A survey of heuristics for the weighted matching problem},
journal = {Networks},
volume = {13},
number = {4},
pages = {475--493},
year = {1983}
}

@Inbook{Baddeley07,
editor="Weil, Wolfgang",
chapter="Spatial Point Processes and their Applications",
title="Stochastic Geometry: Lectures given at the C.I.M.E. Summer School held in Martina Franca, Italy, September 13--18, 2004",
year="2007",
pages="1--75"
}

@article{Basu15,
year={2015},
issn={1066-8888},
journal={The VLDB Journal},
title={Task assignment optimization in knowledge-intensive crowdsourcing},
publisher={Springer Berlin Heidelberg},
author={Basu Roy, Senjuti and Lykourentzou, Ioanna and Thirumuruganathan, Saravanan and Amer-Yahia, Sihem and Das, Gautam},
pages={1-25}
}

@article{Braysy05,
author = {Br\"{a}ysy, Olli and Gendreau, Michel},
title = {Vehicle Routing Problem with Time Windows, Part I: Route Construction and Local Search Algorithms},
journal = {Transportation Science},
issue_date = {February 2005},
volume = {39},
number = {1},
month = feb,
year = {2005},
pages = {104--118},
numpages = {15}
}

@inproceedings{Chen15,
author = {Cen Chen and Shih{-}Fen Cheng and Hoong Chuin Lau and Archan Misra},
title = {Towards City-Scale Mobile Crowdsourcing: Task Recommendations under Trajectory Uncertainties},
booktitle = {Proceedings of the Twenty-Fourth International Joint Conference on Artificial Intelligence, {IJCAI} 2015, Buenos Aires, Argentina, July 25-31, 2015},
pages = {1113--1119},
year = {2015}
}

@article{Cheng15,
 author = {Cheng, Peng and Lian, Xiang and Chen, Zhao and Fu, Rui and Chen, Lei and Han, Jinsong and Zhao, Jizhong},
 title = {Reliable Diversity-based Spatial Crowdsourcing by Moving Workers},
 journal = {Proc. VLDB Endow.},
 issue_date = {June 2015},
 volume = {8},
 number = {10},
 pages = {1022--1033}
}

@article{Cheng16, 
author={P. Cheng and X. Lian and L. Chen and J. Han and J. Zhao}, 
journal={IEEE Transactions on Knowledge and Data Engineering}, 
title={Task Assignment on Multi-Skill Oriented Spatial Crowdsourcing}, 
year={2016}, 
volume={28}, 
number={8}, 
pages={2201-2215}, 
month={Aug}
}

@inproceedings{Cho11,
 author = {Cho, Eunjoon and Myers, Seth A. and Leskovec, Jure},
 title = {Friendship and Mobility: User Movement in Location-based Social Networks},
 booktitle = {Proceedings of the 17th ACM SIGKDD International Conference on Knowledge Discovery and Data Mining},
 series = {KDD '11},
 year = {2011},
 location = {San Diego, California, USA}
} 

@incollection{Dantzig90,
author = {Dantzig, George B.},
chapter = {Origins of the Simplex Method},
title = {A History of Scientific Computing},
year = {1990},
pages = {141--151},
numpages = {11}
} 

@article{Dantzig51,
author = {Dantzig, George B.},
booktitle = {Activity Analysis of Production and Allocation},
chapter = {XXIII},
publisher = {John Wiley \& Co.},
title = {Application of the Simplex Method to a Transportation Problem},
year = {1951}
}

@inproceedings{Deng13,
 author = {Deng, Dingxiong and Shahabi, Cyrus and Demiryurek, Ugur},
 title = {Maximizing the Number of Worker's Self-selected Tasks in Spatial Crowdsourcing},
 booktitle = {Proceedings of the 21st ACM SIGSPATIAL International Conference on Advances in Geographic Information Systems},
 year = {2013},
 pages = {324--333},
 numpages = {10},
 address = {Orlando, Florida}
}

@inproceedings{Deng15,
 author = {Deng, Dingxiong and Shahabi, Cyrus and Zhu, Linhong},
 title = {Task Matching and Scheduling for Multiple Workers in Spatial Crowdsourcing},
 booktitle = {Proceedings of the 23rd ACM SIGSPATIAL International Conference on Advances in Geographic Information Systems},
 year = {2015},
 address = {Bellevue, Washington}
} 

@article{Edmonds72,
 author = {Edmonds, Jack and Karp, Richard M.},
 title = {Theoretical Improvements in Algorithmic Efficiency for Network Flow Problems},
 journal = {J. ACM},
 issue_date = {April 1972},
 volume = {19},
 number = {2},
 month = apr,
 year = {1972},
 issn = {0004-5411},
 pages = {248--264},
 numpages = {17}
}

@inproceedings{Fonteles15,
 author = {Fonteles, Andr{\'e} Sales and Bouveret, Sylvain and Gensel, J{\'e}r\^{o}me},
 title = {Heuristics for Task Recommendation in Spatiotemporal Crowdsourcing Systems},
 booktitle = {Proceedings of the 13th International Conference on Advances in Mobile Computing and Multimedia},
 series = {MoMM 2015},
 year = {2015},
 location = {Brussels, Belgium},
 pages = {1--5},
 numpages = {5}
}

@inproceedings{Ghosh10,
  title={Expressive auctions for externalities in online advertising},
  author={Ghosh, Arpita and Sayedi, Amin},
  booktitle={Proceedings of the 19th international conference on World wide web},
  pages={371--380},
  year={2010}
}

@book{Gibbons85,
  title={Algorithmic Graph Theory},
  author={Gibbons, A.},
  isbn={9780521288811},
  year={1985},
  publisher={Cambridge University Press}
}

@inproceedings{Goel08,
  author = {Gagan Goel and Aranyak Mehta},
  title = {Online Budget Matching in Random Input Models with Applications to Adwords},
  booktitle = SODA08,
  year = {2008},
  pages = {982-991}
}

@ARTICLE{Guo16, 
author={B. Guo and Y. Liu and W. Wu and Z. Yu and Q. Han}, 
journal={IEEE Transactions on Human-Machine Systems}, 
title={ActiveCrowd: A Framework for Optimized Multitask Allocation in Mobile Crowdsensing Systems}, 
year={2016}, 
volume={PP}, 
number={99}, 
pages={1-12}
}

@inproceedings{Hassan14, 
author={U. U. Hassan and E. Curry}, 
booktitle={2014 IEEE 11th Intl Conf on Ubiquitous Intelligence and Computing and 2014 IEEE 11th Intl Conf on Autonomic and Trusted Computing and 2014 IEEE 14th Intl Conf on Scalable Computing and Communications and Its Associated Workshops}, 
title={A Multi-armed Bandit Approach to Online Spatial Task Assignment}, 
year={2014}, 
pages={212-219}, 
month={Dec}
}

@incollection{Karp72,
year={1972},
isbn={978-1-4684-2003-6},
booktitle={Complexity of Computer Computations},
series={The IBM Research Symposia Series},
editor={Miller, RaymondE. and Thatcher, JamesW. and Bohlinger, JeanD.},
title={Reducibility among Combinatorial Problems},
publisher={Springer US},
author={Karp, RichardM.},
pages={85-103},
}

@inproceedings{Karp90,
author = {Richard M. Karp and Umesh V. Vazirani and Vijay V. Vazirani},
title = {An Optimal Algorithm for On-line Bipartite Matching},
booktitle = STOC90,
year = {1990},
pages = {352-358}
}

@article{Kalyanasundaram00,
author = {Bala Kalyanadundaram and Kirk R. Pruhs},
title = {An Optimal Deteministic Algorithm for Online b-Matching},
journal = {Theoretical Computer Science},
vol = {233},
issue = {1-2},
year = {2000},
pages = {319-325}
}

@article{Kalyanasundaram95,
author = {Bala Kalyanadundaram and Kirk R. Pruhs},
title = {The Online Transportation Problem},
journal = {Lecture Notes in Computer Science},
vol = {979},
year = {1995},
pages = {484-493}
}

@article{Kalyanasundaram93,
author = {Bala Kalyanadundaram and Kirk R. Pruhs},
title = {Online Weighted Matching},
journal = {Journal of Algorithms},
vol = {14},
issue = {3},
year = {1993},
pages = {478-488}
}

@article{Kao91,
author = {Ming-Yang Kao and Stephen R. Tate},
title = {Online matching with blocked input},
journal = {Information Processing Letters},
vol = {38},
issue = {3},
year = {1991},
pages = {113-116}
}

@inproceedings{Kazemi12,
author = {Kazemi, Leyla and Shahabi, Cyrus},
title = {GeoCrowd: Enabling Query Answering with Spatial Crowdsourcing},
booktitle = {Proceedings of the 20th International Conference on Advances in Geographic Information Systems},
series = {SIGSPATIAL '12},
year = {2012},
location = {Redondo Beach, California},
pages = {189--198},
numpages = {10},
publisher = {ACM},
address = {New York, NY, USA},
}

@inproceedings{Kazemi13,
author = {Kazemi, Leyla and Shahabi, Cyrus and Chen, Lei},
title = {GeoTruCrowd: Trustworthy Query Answering with Spatial Crowdsourcing},
booktitle = {Proceedings of the 21st ACM SIGSPATIAL International Conference on Advances in Geographic Information Systems},
series = {SIGSPATIAL'13},
year = {2013},
location = {Orlando, Florida},
pages = {314--323},
numpages = {10},
publisher = {ACM},
address = {New York, NY, USA}
}   

@article{Khuller94,
author = {Samir Khuller and Stephen G. Mitchell and Vijay V. Vazirani},
title = {On-line algorithms for weighted bipartite matching and stable marriages},
journal = {Theoretical Computer Science},
vol = {127},
issue = {2},
year = {1994},
pages = {255-267}
}

@article{Kolen07,
author = {Antoon W. J. Kolen and Jan Karel Lenstra and Christos H. Papadimitriou and Frits C. R. Spieksma},
title = {Interval scheduling : a survey},
journal = {Naval Research Logistics},
volume = {54},
year = {2007},
pages = {530--543},
issue = {5},
}

@article{Kovalyov07,
title = {Fixed interval scheduling: Models, applications, computational complexity and algorithms },
journal = {European Journal of Operational Research },
volume = {178},
number = {2},
pages = {331 - 342},
year = {2007},
note = {},
author = {Mikhail Y. Kovalyov and C.T. Ng and T.C. Edwin Cheng}
}

@article{Kullback51,
author = {Kullback, S. and Leibler, R. A.},
description = {Kullback , Leibler : On Information and Sufficiency},
journal = {Ann. Math. Statist.},
number = 1,
pages = {79-86},
title = {On Information and Sufficiency},
volume = 22,
year = 1951
}

@inproceedings{Lagoudakis04, 
author={Lagoudakis, M.G. and Berhault, M. and Koenig, S. and Keskinocak, P. and Kleywegt, A.J.}, 
booktitle={Intelligent Robots and Systems, 2004. (IROS 2004). Proceedings. 2004 IEEE/RSJ International Conference on}, 
title={Simple auctions with performance guarantees for multi-robot task allocation}, 
year={2004}, 
month={Sept}, 
volume={1}, 
pages={698-705 vol.1}, 
}

@article{Laporte85,
author = {Gilbert Laporte and Yves Nobert and Martin Desrochers},
title = {Optimal Routing under Capacity and Distance Restrictions},
journal = {Operations Research},
vol = {33},
issue = {5},
year = {1985},
pages = {1050-1073}
}

@article{Laporte00,
title = {Classical and modern heuristics for the vehicle routing problem },
journal = {International Transactions in Operational Research },
volume = {7},
number = {4-5},
pages = {285 - 300},
year = {2000},
note = {},
author = {Gilbert Laporte and Michel Gendreau and Jean-Yves Potvin and Frédéric Semet}
}

@book{Lawler85,
Author= {Eugene Lawler},
Title= {The Traveling Salesman Problem: A Guided Tour of Combinatorial Optimization},
Year= {1985},
address= {New York},
Publisher= {Wiley}
}

@inproceedings{Lavi05, 
author={R. Lavi and C. Swamy}, 
booktitle={Foundations of Computer Science, 2005. FOCS 2005. 46th Annual IEEE Symposium on}, 
title={Truthful and near-optimal mechanism design via linear programming}, 
month={Oct},
year={2005}, 
pages={595-604}
} 

@article{Lee13,
year={2013},
journal={Journal of Scheduling},
volume={16},
number={5},
title={Semi-online scheduling problems on a small number of machines},
publisher={Springer US},
author={Lee, Kangbok and Lim, Kyungkuk},
pages={461-477}
}

@incollection{Li15,
year={2015},
booktitle={Advances in Spatial and Temporal Databases},
volume={9239},
title={Oriented Online Route Recommendation for Spatial Crowdsourcing Task Workers},
publisher={Springer International Publishing},
author={Li, Yu and Yiu, ManLung and Xu, Wenjian},
pages={137-156}
}

@article{Lin91, 
author= {Jianhua Lin}, 
journal= {Information Theory, IEEE Transactions on}, 
title= {Divergence measures based on the Shannon entropy}, 
year= {1991}, 
month= {Jan}, 
volume= {37}, 
number= {1}, 
pages= {145-151} 
}

@inproceedings{Liu16,
 author = {Liu, Yan and Guo, Bin and Wang, Yang and Wu, Wenle and Yu, Zhiwen and Zhang, Daqing},
 title = {TaskMe: Multi-task Allocation in Mobile Crowd Sensing},
 booktitle = {Proceedings of the 2016 ACM International Joint Conference on Pervasive and Ubiquitous Computing},
 series = {UbiComp '16},
 year = {2016},
 location = {Heidelberg, Germany},
 pages = {403--414},
 numpages = {12}
 } 

@inproceedings{Long13,
author = {Long, Cheng and Wong, Raymond Chi-Wing and Yu, Philip S. and Jiang, Minhao},
title = {On Optimal Worst-case Matching},
booktitle = {Proceedings of the 2013 ACM SIGMOD International Conference on Management of Data},
series = {SIGMOD '13},
year = {2013},
location = {New York, New York, USA},
pages = {845--856}
}

@book{Luckham01,
author = {Luckham, David C.},
title = {The  Power of Events: An Introduction to Complex Event Processing in Distributed Enterprise Systems},
year = {2001},
isbn = {0201727897},
publisher = {Addison-Wesley Longman Publishing Co., Inc.},
address = {Boston, MA, USA}
} 

@inproceedings{Mehta05, 
author= {Mehta, A. and Saberi, A. and Vazirani, U. and Vazirani, V.}, 
booktitle= {Foundations of Computer Science, 2005. FOCS 2005. 46th Annual IEEE Symposium on}, 
title= {AdWords and generalized on-line matching}, 
year= {2005}, 
month= {Oct}, 
pages= {264-273}
}

@misc{Mobiforge14,
title = {Global mobile statistics 2014 Part A: Mobile subscribers; handset market share; mobile operators},
howpublished = {\url{https://mobiforge.com/research-analysis/}},
note = {Accessed: 2015-09-30}
}

@misc{NYCTaxi,
title = {New York City Taxi Trips Dataset},
howpublished = {\url{http://www.andresmh.com/nyctaxitrips/}},
note = {Accessed: 2015-12-12}
}

@article{Ostergard01,
author = {\"{O}sterg{\aa}rd, Patric R. J.},
title = {A New Algorithm for the Maximum-weight Clique Problem},
journal = {Nordic J. of Computing},
volume = {8},
number = {4},
month = dec,
year = {2001},
pages = {424--436},
numpages = {13},
}

@book{Papadimitriou82,
title = {Combinatorial Optimization},
publisher = {Prentice-Hall},
year = {1982},
author = {Christos H. Papadimitriou and Kenneth Steigliz}
}

@INPROCEEDINGS{Rosenkrantz74, 
author={Rosenkrantz, D.J. and Stearns, R.E. and Lewis, P.M.}, 
booktitle={Switching and Automata Theory, IEEE Conference Record of 15th Annual Symposium on}, 
title={Approximate algorithms for the traveling salesperson problem}, 
year={1974}, 
pages={33-42}, 
month={Oct}
}

@INPROCEEDINGS{Rubner98, 
author= {Rubner, Y. and Tomasi, C. and Guibas, L.J.}, 
booktitle= {Computer Vision, 1998. Sixth International Conference on}, 
title= {A metric for distributions with applications to image databases}, 
year= {1998}, 
month= {Jan}, 
pages= {59-66}, 
}

@ARTICLE{Shannon48, 
author={Shannon, C.E.}, 
journal={Bell System Technical Journal, The}, 
title={A mathematical theory of communication}, 
year={1948}, 
month={July}, 
volume={27}, 
number={3}, 
pages={379-423}
}

@article{Sleator85,
author = {Daniel D. Sleator and Robert E. Tarjan},
title = {Amortized Efficiency of List Update and Paging Rules},
journal = {Communications of the ACM},
vol = {28},
issue = {2},
year = {1985},
pages = {202-208}
}

@book{Stephens15,
 author = {Stephens, Rod},
 title = {Beginning Software Engineering},
 year = {2015},
 edition = {1st},
 publisher = {Wrox Press Ltd.},
 address = {Birmingham, UK}
} 


@book{Stoyan87,
title = "Stochastic geometry and its applications",
author = "Stoyan, Dietrich and Kendall, Wilfrid S. and Mecke, Joseph",
series = "Wiley series in probability and mathematical statisitics",
publisher = "Wiley",
year = {1987}
}

@article{Tang07,
title = {Modeling and generating realistic streaming media server workloads },
journal = {Computer Networks },
volume = {51},
number = {1},
pages = {336 - 356},
year = {2007},
note = {},
author = {Wenting Tang and Yun Fu and Ludmila Cherkasova and Amin Vahdat}
}

@article{Thomee15,
Author = {Thomee, Bart and Shamma, David A. and Friedland, Gerald and Elizalde, Benjamin and Ni, Karl and Poland, Douglas and Borth, Damian and Li, Li-Jia},
Title = {The New Data and New Challenges in Multimedia Research},
Journal = {arXiv preprint arXiv:1503.01817},
Year = {2015}
}

@article{To14,
author = {To, Hien and Ghinita, Gabriel and Shahabi, Cyrus},
title = {A Framework for Protecting Worker Location Privacy in Spatial Crowdsourcing},
journal = {Proc. VLDB Endow.},
issue_date = {June 2014},
volume = {7},
number = {10},
month = jun,
year = {2014},
pages = {919--930},
numpages = {12}
} 

@inproceedings{To15, 
author={H. To and M. Asghari and D. Deng and C. Shahabi}, 
booktitle={2016 IEEE International Conference on Pervasive Computing and Communication Workshops (PerCom Workshops)}, 
title={SCAWG: A toolbox for generating synthetic workload for spatial crowdsourcing}, 
year={2016}, 
pages={1-6}, 
month={March}
}

@book{Toth02,
author = {Toth, P. and Vigo, D.},editor = {Paolo Toth and Daniele Vigo},
title = {The Vehicle Routing Problem},
publisher = {Society for Industrial and Applied Mathematics},
year = {2002}
}

@inproceedings{U08,
author = {Leong Hou U and Man Lung Yiu and Kyriakos Mouratidis and Nikos Mamoulis},
title = {Capacity Constrained Assignment in Spatial Databases},
booktitle = SIGMOD08,
year = {2008},
pages = {15-28}
}

@inproceedings{Wong07,
author = {Raymond Chi-Wing Wong and Yufei Tao and Ada Wai-Chee Fu and Xiaokui Xiao},
title = {On Efficient Spatial Matching},
booktitle = VLDB07,
year = {2007},
pages = {579-590}
}

@inproceedings{Wong09,
author = {Raymond Chi-Wing Wong and M. Tamer Ozsu and Philip S. Yu and Ada Wai-Chee Fu and Lian Liu},
title = {Efficient Method for Maximizing Bichromatic Reverse Nearest Neighbor},
booktitle = {VLDB},
year = {2009}
}

@inproceedings{Wu06,
 author = {Wu, Eugene and Diao, Yanlei and Rizvi, Shariq},
 title = {High-performance Complex Event Processing over Streams},
 booktitle = {Proceedings of the 2006 ACM SIGMOD International Conference on Management of Data},
 series = {SIGMOD '06},
 year = {2006},
 itelocation = {Chicago, IL, USA},
 pages = {407--418},
 numpages = {12}
}

@article{Yang16,
 author = {Yang, Dingqi and Zhang, Daqing and Qu, Bingqing},
 title = {Participatory Cultural Mapping Based on Collective Behavior Data in Location-Based Social Networks},
 journal = {ACM Trans. Intell. Syst. Technol.},
 issue_date = {April 2016},
 volume = {7},
 number = {3},
 pages = {30:1--30:23},
 publisher = {ACM},
 address = {New York, NY, USA}
}

@inproceedings{Ye15, 
author={Bin Ye and Yan Wang and Ling Liu}, 
booktitle={2015 IEEE International Conference on Web Services (ICWS),}, 
title={Crowd Trust: A Context-Aware Trust Model for Worker Selection in Crowdsourcing Environments}, 
year={2015}, 
pages={121-128}, 
month={June}
}